<record><leader>00000cas a22000007a 4500</leader><controlfield tag="001">13047434</controlfield><controlfield tag="008">860122d1863186uwvuwr ne      0    0eng d</controlfield><datafield ind1=" " ind2=" " tag="010"><subfield code="a">sn 86092078 </subfield></datafield><datafield ind1=" " ind2=" " tag="040"><subfield code="a">WVC</subfield><subfield code="b">eng</subfield><subfield code="c">WVC</subfield><subfield code="d">OCL</subfield><subfield code="d">OCLCQ</subfield><subfield code="d">KRTAS</subfield><subfield code="d">OCLCQ</subfield></datafield><datafield ind1=" " ind2=" " tag="042"><subfield code="a">msc</subfield></datafield><datafield ind1="0" ind2="4" tag="245"><subfield code="a">The Union banner and West Virginia patriot.</subfield></datafield><datafield ind1="1" ind2="7" tag="246"><subfield code="a">Union banner</subfield></datafield><datafield ind1=" " ind2=" " tag="260"><subfield code="a">New Creek, W. Va. :</subfield><subfield code="b">David Gosorn &amp; James I. Barrick</subfield></datafield><datafield ind1=" " ind2=" " tag="300"><subfield code="a">v.</subfield></datafield><datafield ind1=" " ind2=" " tag="310"><subfield code="a">Weekly</subfield></datafield><datafield ind1="1" ind2=" " tag="362"><subfield code="a">Began in 1863?; ceased in the late 1860's?</subfield></datafield><datafield ind1=" " ind2=" " tag="580"><subfield code="a">Possibly continued by: Mineral County gazette.</subfield></datafield><datafield ind1=" " ind2=" " tag="588"><subfield code="a">Description based on: Vol. 3, no. 46 (May 9, 1867).</subfield></datafield><datafield ind1=" " ind2=" " tag="752"><subfield code="a">United States</subfield><subfield code="b">West Virginia</subfield><subfield code="c">Mineral</subfield><subfield code="d">Keyser.</subfield></datafield><datafield ind1=" " ind2=" " tag="752"><subfield code="a">United States</subfield><subfield code="b">West Virginia</subfield><subfield code="c">Mineral</subfield><subfield code="d">New Creek.</subfield></datafield><datafield ind1="1" ind2=" " tag="787"><subfield code="t">Mineral County gazette</subfield><subfield code="w">(DLC)sn 86092075</subfield></datafield><datafield ind1=" " ind2=" " tag="938"><subfield code="a">Kirtas Technologies, Inc.</subfield><subfield code="b">KRTS</subfield><subfield code="n">739522</subfield></datafield><datafield ind1="1" ind2=" " tag="029"><subfield code="a">AU@</subfield><subfield code="b">000023602851</subfield></datafield></record>